<?xml version="1.0" encoding="UTF-8"?><collection xmlns="http://www.loc.gov/MARC21/slim"><record><leader>00522nam--2200169-u-4500</leader><controlfield tag="001">000054673</controlfield><controlfield tag="002">20161230</controlfield><controlfield tag="005">20161230201051</controlfield><controlfield tag="008">120514s1000------------r-----000-0-eng-d</controlfield><datafield ind1=" " ind2=" " tag="040"><subfield code="a">IFIN-HH</subfield></datafield><datafield ind1=" " ind2=" " tag="080"><subfield code="a">539.184.26(043)</subfield></datafield><datafield ind1="1" ind2=" " tag="100"><subfield code="a">Henning, J.C.M</subfield></datafield><datafield ind1="1" ind2="0" tag="245"><subfield code="a">On the nitrogen-14 hyperfine structure in the electron spin resonsnce spectra of heterocyclic anions</subfield><subfield code="b">Dissertation</subfield><subfield code="c">J.c.m. henning</subfield></datafield><datafield ind1=" " ind2=" " tag="260"><subfield code="a">Amsterdam</subfield><subfield code="b">Universiteit</subfield><subfield code="c">1964</subfield></datafield><datafield ind1=" " ind2=" " tag="300"><subfield code="a">108P</subfield></datafield><datafield ind1=" " ind2=" " tag="852"><subfield code="a">78363</subfield><subfield code="c">539.143.43</subfield></datafield><datafield ind1=" " ind2=" " tag="CAT"><subfield code="a">Sys</subfield><subfield code="c">20120514</subfield><subfield code="h">114951</subfield></datafield></record></collection>